@article{topcuoglu2002performance,
  title={Performance-effective and low-complexity task scheduling for heterogeneous computing},
  author={Topcuoglu, Haluk and Hariri, Salim and Wu, Min-you},
  journal={IEEE transactions on parallel and distributed systems},
  volume={13},
  number={3},
  pages={260--274},
  year={2002},
  publisher={IEEE}
}

@article{mnich2015scheduling,
	title={Scheduling and fixed-parameter tractability},
	author={Mnich, Matthias and Wiese, Andreas},
	journal={Mathematical Programming},
	volume={154},
	number={1-2},
	pages={533--562},
	year={2015},
	publisher={Springer}
}
